@conference{erica,
title = "Human- Computer Interaction Using
Eye-Gaze Input",
author = " T. E. Hutchinson, K. P. White, W.N. Martin, K. C. Reichert and L. A. Frey",
year= "1989",
note="Edycja 19 numer 6",
publisher="IEEE Transactions on systems, Man, and Cybernetics"
}
@misc{uiColorContrast,
title={Strona źródłowa dla kombinacji kolorystycznych dobranych w interfejsie użytkownika.},
howpublished={\url{http://colorpalettes.net/category/contrasting-color/}},
note={Data dostępu: 2017-11-14}
}
@book{uiColor,
author="P. Fenrich",
title="Practical Principles of Instructional Design, Media Selection, and Interface Design with a Focus on Computer-based Training/Educational Software",
publisher ="British Columbia Institute of Technology",
year ="2014",
note="str. 281"}
@misc{resource,
title={Strona źródłowa dla pobranych ikon wykorzystanych w pracy.},
howpublished={\url{https://www.flaticon.com/}},
note={Data dostępu: 2017-11-06}
}
@misc{cppH,
title={C++ pliki nagłówkowe},
howpublished={\url{http://www.cplusplus.com/forum/articles/10627/}},
note={Data dostępu: 2017-11-28}
}
@misc{googleJSON,
title={Google Custom Searchengine JSON resposne},
howpublished={\url{https://developers.google.com/custom-search/json-api/v1/reference/cse/list#response}},
note={Data dostępu: 2017-11-27}
}
@misc{googleAPI,
title={Google Custom Searchengine},
howpublished={\url{https://developers.google.com/custom-search/docs/overview}},
note={Data dostępu: 2017-11-20}
}
@conference{UDP,
title = " Computer Networks",
author = "  A. S. Tanenbaum, D. J. Wetherall.",
year= "2003",
note="Edycja 5",
publisher="Pearson"
}
@misc{trieTree,
title={Trie Tree - definicja National Institute of Standards and Technology},
howpublished={\url{https://xlinux.nist.gov/dads/HTML/trie.html}},
note={Data dostępu: 2017-11-17}

}
@misc{qtAbout,
  title = {About Qt},
  howpublished = {\url{http://wiki.qt.io/About_Qt}},
  note = {Data dostępu: 2017-11-11 }
}
@misc{qtLang,
  title = {Language bindings},
  howpublished = {\url{http://wiki.qt.io/Language_Bindings}},
  note = {Data dostępu: 2017-11-11 }
}
@book{motoneuron,
author="Ryszard Podemski",
title="Kompendium Neurologii Wydanie III",
publisher ="VIA Medica",
year ="2014"}
@book{neurology,
    author    = "Mumenthaler M., Mattle H., Taub E.",
    title     = "Fundamentals of Neurology: An Illustrated Guide",
    publisher = "Georg Thieme Verlag",
    year      = "2006"
    
}
@book{anatomy,
author = "Krechowiecki A. and Kubik W. and Łasiński W. , Narkiewicz O., Sokołowska-Pituchowa J. and Sylwanowicz W. and Szostakiewicz-Sawicka H.",
title ="Anatomia Człowieka Podręcznik dla Studentów Medycyny",
note="Wydanie IV poprawione i uzupełnione",
publisher="Państwowy Zakład Wydawnictw Lekarskich",
year="1983"
}
@conference{alsWij,
	title = "Amyotrophic lateral sclerosis",
	author = "Wijesekera L.C., Leigh P. N.",
	institution = " MRC centre for Neurodegeneration Research, Department of Clinical Neuroscience",
	publisher = "Institute of Psychiatry, Kings College London",
	year = "2009",
	month="February"
	
}
@conference{gazeTrackIran,
title = "The Eye movements in gaze Tracking Human Computer Interaction",
author = "Rad V. B.",
institution="International Research Journal of Applied and Basic Sciences",
year= "2015",
publisher="Faculty member of Computer Science, Science and Research Bilasouvar  Azad University"
}
@misc{poradnik,
author= "Bała P. and Karolczyk E. and Zychowska E. and Jóźwiak B. and Janicki R.and Śliwka A. and Żuławiński M. and Szkulmowski Z.",
title="Poradnik dla chorych na SLA/MND",
publisher="Dignitas Dolentium ",
year="2009"

}

@book{alsAdamek,
 author= "Adamek D., Tomik B.",
 title="Stwardnienie boczne zanikowe",
 publisher="ZOZ Ośrodek UMEA Shinoda-Kuracejo",
 year="2005"
}

@misc{parkinsonALS,
	author="Ossowska K.",
	title="Leczenie Choroby Parkinsona i Stwardnienia Zanikowego Bocznego",
	publisher="Zakład Neuro-Psychofarmakologii, Instytut Farmakologii Polskiej Akademii Nauk"
}

@book{augmentative,
author="Beukelman D., Pat M.",
title="Augmentative and Alternative Communication, Supporting Children and Adults with Complex Communication Needs  Fourth Edition",
publisher = "Paul H. Brookes Publishing Co.",
year="2013"}

@conference{eyemouse,
author="T. Kocejko, A. Bujnowski, J. Wtorek",
title="Eye mouse for disabled",
publisher="Conference on Human System Interactions",
year="2008"
}

@conference {kunkaUwaga,
author="B. Kunka",
title="System monitorujący stopień koncentracji uwagi uczniów",
booktitle="Zeszyty Naukowe Wydziału Elektrotechniki i Automatyki Politechniki Gdańskiej Nr 26 XIX Seminarium ZASTOSOWANIE KOMPUTERÓW W NAUCE I TECHNICE’ 2009 Oddział Gdański PTETiS Referat nr 16",
publisher=" Katedra Systemów Multimedialnych, Wydział Elektroniki, Telekomunikacji i Informatyki, Politechnika Gdańska",
year="2009"
}

@conference{kunkaFiksacja,
author="B. Kunka",
title="System śledzenia punktu fiksacji wzroku na monitorze komputera",
note="Wykład",
publisher=" Katedra Systemów Multimedialnych, Politechnika Gdańska",
year="2013"}

@conference{erica,
author="T. E. Hutchinson and K. P. White and W.N. Martin and K. C. Reichert and  L. A. Frey",
title="Human- Computer Interaction Using Eye-Gaze Input",
booktitle="IEEE Transactions On Systems, Man, And Cybernetics, Vol. 19, No. 6",
month="November/December",
year="1989"}

